@article{SRS,
author={A. {Clemeno}},
title={Software Requirements Specification for diagnosis-AIDs: Medical 
Diagnosis Prediction Tool for Acquired immunodeficiency syndrome (AIDS)},
year={2020},
volume={},
number={},
}

@article{Vnvchecklist,
author={S. {Smith}},
title={System Verification and Validation Plan Checklist},
year={2019},
volume={},
number={},
}

@article{SRSchecklist,
author={S. {Smith}},
title={SRS and CA checklist},
year={2020},
volume={},
number={},
}

%Drasil
@misc{Drasil,
author = {Jacques {Carette}, Spencer {Smith}},
title = {Drasil: A Framework for Literate Scientific Software},
year = {2020},
}
%cProfile
@misc{cProfile, 
author={Kim Sia},
title={Python Profilers: Learn the Basics of a profiler for Python in this blog}, 
url={https://stackify.com/how-to-use-python-profilers-learn-the-basics/}, journal={Stackify}, year={2020}}
 
%viraldynamics
@article{viraldynamics,
author = {Susan J. Little, Angela R. McLean, Celsa A. Spina, Douglas D. Richman, Diane V. Havlir},
title = {Viral Dynamics of Acute HIV-1 Infection},
journal = {Journal of Experimental Medicine},
year = {1990},
}